<record xmlns="http://www.loc.gov/MARC21/slim">
   <leader>02062cam a2200397 a 4500</leader>
   <controlfield tag="001">1319468</controlfield>
   <controlfield tag="008">900913s1985    akua              0aeng d</controlfield>
   <datafield ind1=" " ind2=" " tag="010">
      <subfield code="a">   85152661</subfield>
   </datafield>
   <datafield ind1=" " ind2=" " tag="020">
      <subfield code="a">0882403001 (pbk.)</subfield>
   </datafield>
   <datafield ind1=" " ind2=" " tag="035">
      <subfield code="a">ocm12669190</subfield>
   </datafield>
   <datafield ind1=" " ind2=" " tag="040">
      <subfield code="a">DLC</subfield>
      <subfield code="b">eng</subfield>
      <subfield code="c">DLC</subfield>
   </datafield>
   <datafield ind1=" " ind2=" " tag="043">
      <subfield code="a">n-us-ak</subfield>
   </datafield>
   <datafield ind1=" " ind2=" " tag="049">
      <subfield code="a">AEU</subfield>
      <subfield code="b">eng</subfield>
   </datafield>
   <datafield ind1="0" ind2="0" tag="050">
      <subfield code="a">F908</subfield>
      <subfield code="b">.A4525 1985</subfield>
   </datafield>
   <datafield ind1="0" ind2=" " tag="082">
      <subfield code="a">917.98/043</subfield>
      <subfield code="2">19</subfield>
   </datafield>
   <datafield ind1="0" ind2=" " tag="090">
      <subfield code="a">F 908 A426 1985</subfield>
   </datafield>
   <datafield ind1="1" ind2=" " tag="100">
      <subfield code="a">Allen, Henry T.</subfield>
      <subfield code="q">(Henry Tureman),</subfield>
      <subfield code="d">1859-1930.</subfield>
   </datafield>
   <datafield ind1="1" ind2="3" tag="245">
      <subfield code="a">An expedition to the Cooper, Tanana, and Koyukuk rivers in 1885 /</subfield>
      <subfield code="c">Henry T. Allen ; foreword by Michael Sean Sullivan.</subfield>
   </datafield>
   <datafield ind1=" " ind2=" " tag="260">
      <subfield code="a">Anchorage, Alaska :</subfield>
      <subfield code="b">Alaska Northwest Pub. Co.,</subfield>
      <subfield code="c">c1985.</subfield>
   </datafield>
   <datafield ind1=" " ind2=" " tag="300">
      <subfield code="a">96 p. :</subfield>
      <subfield code="b">ill. ;</subfield>
      <subfield code="c">28 cm.</subfield>
   </datafield>
   <datafield ind1=" " ind2=" " tag="336">
      <subfield code="a">text</subfield>
      <subfield code="b">txt</subfield>
      <subfield code="2">rdacontent</subfield>
   </datafield>
   <datafield ind1=" " ind2=" " tag="337">
      <subfield code="a">unmediated</subfield>
      <subfield code="b">n</subfield>
      <subfield code="2">rdamedia</subfield>
   </datafield>
   <datafield ind1=" " ind2=" " tag="338">
      <subfield code="a">volume</subfield>
      <subfield code="b">nc</subfield>
      <subfield code="2">rdacarrier</subfield>
   </datafield>
   <datafield ind1="1" ind2=" " tag="490">
      <subfield code="a">Northern history library.</subfield>
   </datafield>
   <datafield ind1=" " ind2=" " tag="500">
      <subfield code="a">"This reprint includes the entire narrative portion of Lieut. Henry T. Allen's official report on the 1885 expedition [Report of an expedition to the Copper, Tananá, and Koyukuk rivers in the Territory of Alaska in the year 1885]. Because of space limitations, the general sections on Alaskan natives, minerals, animals, geology, and climate have not been included"--P. 11.</subfield>
   </datafield>
   <datafield ind1=" " ind2=" " tag="596">
      <subfield code="a">38 48</subfield>
   </datafield>
   <datafield ind1="1" ind2="0" tag="600">
      <subfield code="a">Allen, Henry T.</subfield>
      <subfield code="q">(Henry Tureman),</subfield>
      <subfield code="d">1859-1930.</subfield>
   </datafield>
   <datafield ind1=" " ind2="0" tag="651">
      <subfield code="a">Alaska</subfield>
      <subfield code="x">Description and travel.</subfield>
   </datafield>
   <datafield ind1=" " ind2="0" tag="651">
      <subfield code="a">Copper River Region (Alaska)</subfield>
      <subfield code="x">Description and travel.</subfield>
   </datafield>
   <datafield ind1=" " ind2="0" tag="651">
      <subfield code="a">Koyukuk River Region (Alaska)</subfield>
      <subfield code="x">Description and travel.</subfield>
   </datafield>
   <datafield ind1=" " ind2="0" tag="651">
      <subfield code="a">Tanana River Region (Alaska)</subfield>
      <subfield code="x">Description and travel.</subfield>
   </datafield>
   <datafield ind1=" " ind2="0" tag="651">
      <subfield code="a">United States</subfield>
      <subfield code="x">Discovery and exploration.</subfield>
   </datafield>
   <datafield ind1="0" ind2=" " tag="740">
      <subfield code="a">Report of an expedition to the Copper, Tananá and Koyukuk rivers, in the territory of Alaska, in the year 1885. Selections.</subfield>
   </datafield>
   <datafield ind1=" " ind2="0" tag="830">
      <subfield code="a">Northern history library.</subfield>
   </datafield>
   <datafield ind1=" " ind2=" " tag="926">
      <subfield code="a">F 908 A426 1985</subfield>
      <subfield code="w">LC</subfield>
      <subfield code="c">2</subfield>
      <subfield code="i">0162002378345</subfield>
      <subfield code="d">12/5/1995</subfield>
      <subfield code="l">POLAR</subfield>
      <subfield code="m">UASCITECH</subfield>
      <subfield code="n">2</subfield>
      <subfield code="p">$150.00</subfield>
      <subfield code="r">Y</subfield>
      <subfield code="s">Y</subfield>
      <subfield code="t">BOOK</subfield>
      <subfield code="u">1/19/1995</subfield>
   </datafield>
   <datafield ind1=" " ind2=" " tag="926">
      <subfield code="a">F 908 A426 1985</subfield>
      <subfield code="w">LC</subfield>
      <subfield code="c">1</subfield>
      <subfield code="i">000034816801</subfield>
      <subfield code="d">9/25/2001</subfield>
      <subfield code="l">ON_SHELF</subfield>
      <subfield code="m">UABARD</subfield>
      <subfield code="n">10</subfield>
      <subfield code="p">$150.00</subfield>
      <subfield code="r">Y</subfield>
      <subfield code="s">Y</subfield>
      <subfield code="t">BOOK</subfield>
      <subfield code="u">11/2/1990</subfield>
      <subfield code="o">.STAFF. B0053713</subfield>
   </datafield>
</record>
